%%
%% This is file `apa5ex.bib',
%% generated with the docstrip utility.
%%
%% The original source files were:
%%
%% apacite.dtx  (with options: `bibdb')
%% 
%% This is a generated file.
%% 
%% Copyright (C) 1994-2013 Erik Meijer and any individual authors listed
%% elsewhere in this file.
%% 
%% This file is part of the `apacite' package.
%% -------------------------------------------
%% 
%% It may be distributed and/or modified under the
%% conditions of the LaTeX Project Public License, either
%% version 1.3 of this license or (at your option) any later
%% version.  The latest version of this license is in:
%% 
%%    http://www.latex-project.org/lppl.txt
%% 
%% and version 1.3 or later is part of all distributions of
%% LaTeX version 2005/12/01 or later.
%% 
%% The `apacite' package consists of the files apacite.dtx and
%% apacite.ins, and the following generated files:
%% apacite.sty, apacdoc.sty,  apacite.drv,
%% apacite.bst, apacitex.bst, apacann.bst,  apacannx.bst,
%% apa5ex.bib,  apacxmpl.tex,
%% english.apc, dutch.apc,    finnish.apc,  french.apc,
%% german.apc,  ngerman.apc,  greek.apc,    norsk.apc,
%% spanish.apc, swedish.apc.
%% 
%% This work has the LPPL maintenance status `maintained'
%% 
%% The Current Maintainer of this work is Erik Meijer
%% 
%% This file may only be distributed together with a copy of the
%% source files of the apacite package, i.e., apacite.dtx and
%% apacite.ins. You may however distribute the apacite package without
%% the generated files.
%% 
%% apa5ex.bib
%%   [2013/07/21 v6.03 bibliography database for examples]
%%
%% apa5ex.bib: References from the 5th edition of the Publication Manual
%%             of the APA, plus a few additional references
%% Written by Erik Meijer

%% Entry labels are section number of the APA manual (5th ed.)
%% plus a sequence number within the section.

@misc{3.94-1,
  author = {Walker},
  year   = {2000},
  type   = {Unknown},
}

@misc{3.95-1,
  author = {Wasserstein and Zappulla and Rosen and Gerstman and Rock},
  year   = {1994},
  type   = {Unknown},
}

@misc{3.95-2,
  author = {Bradley and Ramirez and Soo},
  year   = {1994},
  type   = {Unknown},
}

@misc{3.95-3,
  author = {Bradley and Soo and Ramirez and Brown},
  year   = {1994},
  type   = {Unknown},
}

@misc{3.95-4,
  author = {Kosslyn and Koenig and Barrett and Cave and Tang and Gabrieli},
  year   = {1996},
  type   = {Unknown},
}

@misc{3.95-5,
  author = {Kosslyn and Koenig and Gabrieli and Tang and Marsolek and Daly},
  year   = {1996},
  type   = {Unknown},
}

@misc{3.95-6,
  author = {Nightlinger and Littlewood},
  year   = {1993},
  type   = {Unknown},
}

@book{3.95-7,
  author     = {J{\"{o}}reskog, K[arl] G. and S{\"{o}}rbom, D[ag]},
  year       = {1989},
  title      = {{LISREL} 7: {A} Guide to the Program and Applications},
  edition    = {2},
  address    = {Chicago},
  publisher  = {SPSS},
}

@misc{3.96-1,
  author   = {{\bibcorporate{National Institute of Mental Health}}},
  firstkey = {{National Institute of Mental Health [NIMH]}},
  key      = {{NIMH}},
  year     = {1999},
  type     = {Unknown},
}

@misc{3.96-2,
  author   = {{\bibcorporate{University of Pittsburgh}}},
  year     = {1993},
  type     = {Unknown},
}

@book{3.96-3,
  author       = {{\bibcorporate{Koninklijke Nederlandse Schaakbond}}},
  firstkey     = {{Koninklijke Nederlandse Schaakbond [KNSB]}},
  key          = {{KNSB}},
  year         = {2003},
  title        = {Jaarverslag 2002},
  englishtitle = {Annual Report 2002},
  address      = {Amsterdam},
  publisher    = {{\bibcorporate{Koninklijke Nederlandse Schaakbond}}},
  note         = {Fake entry to study sorting and citing of references with
                  same key, but with different firstkey.},
}

@book{3.96-4,
  author       = {{\bibcorporate{Koninklijke Nederlandse Schaakbond}}},
  firstkey     = {{Koninklijke Nederlandse Schaakbond [KNSB]}},
  key          = {{KNSB}},
  year         = {2004},
  title        = {Jaarverslag 2003},
  englishtitle = {Annual Report 2003},
  address      = {Amsterdam},
  publisher    = {{\bibcorporate{Koninklijke Nederlandse Schaakbond}}},
  note         = {Fake entry to study sorting and citing of references with
                  same key, but with different firstkey.},
}

@book{3.96-5,
  author       = {{\bibcorporate{Koninklijke Nederlandse Schaatsbond}}},
  firstkey     = {{Koninklijke Nederlandse Schaatsbond [KNSB]}},
  key          = {{KNSB}},
  year         = {2003},
  title        = {Jaarverslag 2002},
  englishtitle = {Annual Report 2002},
  address      = {Amsterdam},
  publisher    = {{\bibcorporate{Koninklijke Nederlandse Schaatsbond}}},
  note         = {Fake entry to study sorting and citing of references with
                  same key, but with different firstkey.},
}

@book{3.96-6,
  author       = {{\bibcorporate{Koninklijke Nederlandse Schaatsbond}}},
  firstkey     = {{Koninklijke Nederlandse Schaatsbond [KNSB]}},
  key          = {{KNSB}},
  year         = {2004},
  title        = {Jaarverslag 2003},
  englishtitle = {Annual Report 2003},
  address      = {Amsterdam},
  publisher    = {{\bibcorporate{Koninklijke Nederlandse Schaatsbond}}},
  note         = {Fake entry to study sorting and citing of references with
                  same key, but with different firstkey.},
}

@magazine{3.97-1,
  key     = {{\APACciteatitle{Study Finds}}},
  year    = {1982},
  month   = apr,
  title   = {Study Finds Free Care Used More},
  journal = {{APA} Monitor},
  pages   = {14},
}

@book{3.97-2,
  year      = {1979},
  title     = {College Bound Seniors},
  address   = {Princeton, NJ},
  publisher = {College Board Publications},
}

@misc{3.97-3,
  author = {Anonymous},
  year   = {1998},
  type   = {Unknown},
}

@newspaper{3.97-4,
  year    = {2002},
  month   = mar,
  day     = {3},
  title   = {Editorial},
  journal = {The Edited Newspaper},
  pages   = {2},
  note    = {Fake entry to study sorting and citing of references without
             author, but with the same title.},
}

@newspaper{3.97-5,
  year    = {2003},
  month   = feb,
  day     = {12},
  title   = {Editorial},
  journal = {The Edited Newspaper},
  pages   = {2},
  note    = {Fake entry to study sorting and citing of references without
             author, but with the same title.},
}

@newspaper{3.97-6,
  year    = {2003},
  month   = jan,
  day     = {24},
  title   = {Editorial},
  journal = {The Edited Newspaper},
  pages   = {2},
  note    = {Fake entry to study sorting and citing of references without
             author, but with the same title.},
}

@book{3.98-1,
  author    = {Luce, R. Duncan},
  year      = {1959},
  title     = {Individual Choice Behavior},
  address   = {New York},
  publisher = {Wiley},
}

@misc{3.98-2,
  author = {Luce, P. A.},
  year   = {1986},
  type   = {Unknown},
}

@misc{3.98-3,
  author = {Goldberg, J. M. and Neff},
  year   = {1961},
  type   = {Unknown},
}

@misc{3.98-4,
  author = {Goldberg, M. E. and Wurtz},
  year   = {1972},
  type   = {Unknown},
}

@misc{3.99-1,
  author = {Edeline and Weinberger},
  year   = {1991},
  type   = {Unknown},
}

@misc{3.99-2,
  author = {Edeline and Weinberger},
  year   = {1993},
  type   = {Unknown},
}

@misc{3.99-3,
  author = {Gogel},
  year   = {1984},
  type   = {Unknown},
}

@misc{3.99-4,
  author = {Gogel},
  year   = {1990},
  type   = {Unknown},
}

@misc{3.99-5,
  author = {Gogel},
  year   = {\BIP},
  type   = {Unknown},
}

@misc{3.99-6,
  author = {Johnson},
  year   = {1991},
  title  = {Aaa},
}

@misc{3.99-7,
  author = {Johnson},
  year   = {1991},
  title  = {Bbb},
}

@misc{3.99-8,
  author = {Johnson},
  year   = {1991},
  title  = {Ccc},
}

@misc{3.99-9,
  author = {Singh},
  year   = {1983},
  type   = {Unknown},
}

@misc{3.99-10,
  author = {Singh},
  year   = {\BIP},
  title  = {Aaa},
}

@misc{3.99-11,
  author = {Singh},
  year   = {\BIP},
  title  = {Bbb},
}

@misc{3.99-12,
  author = {Balda},
  year   = {1980},
  type   = {Unknown},
}

@misc{3.99-13,
  author = {Kamil},
  year   = {1988},
  type   = {Unknown},
}

@misc{3.99-14,
  author = {Pepperberg and Funk},
  year   = {1990},
  type   = {Unknown},
}

@misc{3.99-15,
  author = {Minor},
  year   = {2001},
  type   = {Unknown},
}

@misc{3.99-16,
  author = {Adams},
  year   = {1999},
  type   = {Unknown},
}

@misc{3.99-17,
  author = {Storandt},
  year   = {1997},
  type   = {Unknown},
}

@misc{3.100-1,
  author = {Author},
  year   = {\bibnodate},
  type   = {Unknown},
  note   = {no example, but rule given in text},
}

@misc{3.100-1b,
  author = {Author},
  year   = {2003 version},
  type   = {Unknown},
  note   = {no example, but rule given in text},
}

@book{3.100-2,
  author = {Aristotle},
  year   = {1931},
  title  = {Unknown},
  translator = {Someone},
  originalyear = {\bibnodate},
}

@book{3.100-3,
  author = {James},
  year   = {1983},
  title  = {Unknown},
  originalyear = {1890},
}

@misc{3.101-1,
  author = {Cheek and Buss},
  year   = {1981},
  type   = {Unknown},
}

@misc{3.101-2,
  author = {Shimamura},
  year   = {1989},
  type   = {Unknown},
}

@misc{3.101-3,
  author = {Myers},
  year   = {2000},
  type   = {Unknown},
}

@misc{3.101-4,
  author = {Beutler},
  year   = {2000},
  type   = {Unknown},
}

@misc{3.103-1,
  author = {Hashtroudi and Chrosniak and Schwartz},
  year   = {1991},
  type   = {Unknown},
}

@misc{4.04-t1,
  author = {Brown, J. R.},
  year   = {\bibnodate},
  type   = {Unknown},
}

@misc{4.04-t2,
  author = {Browning, A. R.},
  year   = {\bibnodate},
  type   = {Unknown},
}

@misc{4.04-t3,
  author = {MacArthur},
  year   = {\bibnodate},
  type   = {Unknown},
}

@misc{4.04-t4,
  author = {McAllister},
  year   = {\bibnodate},
  type   = {Unknown},
}

@misc{4.04-t5,
  author = {MacNeil},
  year   = {\bibnodate},
  type   = {Unknown},
}

@misc{4.04-t6,
  author = {M'Carthy},
  year   = {\bibnodate},
  type   = {Unknown},
}

@misc{4.04-t7,
  author = {DeBase},
  year   = {\bibnodate},
  type   = {Unknown},
}

@misc{4.04-t8,
  author = {De Vries, J.},
  year   = {\bibnodate},
  type   = {Unknown},
}

@misc{4.04-t9,
  author = {von Helmholtz, H. L. F.},
  year   = {\bibnodate},
  type   = {Unknown},
}

@article{4.04-t10,
  year    = {2003},
  title   = {{\APACSortNoop{Two-Thousand and Three}}2003 Hottest Summer Ever},
  journal = {Journal of Meteorology},
  note    = {This is a fake entry, used for didactical purposes.},
}

@misc{4.04-1,
  author = {Hewlett, L. S.},
  year   = {1996},
  type   = {Unknown},
}

@misc{4.04-2,
  author = {Hewlett, L. S.},
  year   = {1999},
  type   = {Unknown},
}

@misc{4.04-3,
  author = {Alleyne, R. L.},
  year   = {2001},
  type   = {Unknown},
}

@misc{4.04-4,
  author = {Alleyne, R. L. and Evans, A. J.},
  year   = {1999},
  type   = {Unknown},
}

@misc{4.04-5,
  author = {Gosling, J. R. and Jerald, K. and Belfar, S. F.},
  year   = {2000},
  type   = {Unknown},
}

@misc{4.04-6,
  author = {Gosling, J. R. and Tevlin, D. F.},
  year   = {1996},
  type   = {Unknown},
}

@misc{4.04-7,
  author = {Hayward, D. and Firsching, A. and Brown, J.},
  year   = {1999},
  type   = {Unknown},
}

@misc{4.04-8,
  author = {Hayward, D. and Firsching, A. and Smigel, J.},
  year   = {1999},
  type   = {Unknown},
}

@misc{4.04-9,
  author = {Cabading, J. R. and Wright, K.},
  year   = {2000},
  type   = {Unknown},
}

@misc{4.04-10,
  author = {Cabading, J. R. and Wright, K.},
  year   = {2001},
  type   = {Unknown},
}

@article{4.04-11,
  author = {Baheti, J. R.},
  year   = {2001},
  title  = {Control {\ldots}},
}

@article{4.04-12,
  author = {Baheti, J. R.},
  year   = {2001},
  title  = {Roles of {\ldots}},
}

@misc{4.04-13,
  author = {Mathur, A. L. and Wallston, J.},
  year   = {1999},
  type   = {Unknown},
}

@misc{4.04-14,
  author = {Mathur, S. E. and Ahlers, R. J.},
  year   = {1998},
  type   = {Unknown},
}

@book{4.05-1,
  author    = {Bandura, A. J.},
  year      = {1977},
  title     = {Social Learning Theory},
  address   = {Englewood Cliffs, NJ},
  publisher = {Prentice Hall},
}

@article{4.05-2,
  author = {Bretschneider, J. G. and McCoy, N. L.},
  year   = {1968},
  title  = {Sexual Interest and Behavior in Healthy
            80- to 102-Year-Olds},
  journal = {Archives of Sexual Behavior},
  volume  = {14},
  pages   = {343--350},
}

@article{4.08-1,
  author  = {Kernis, M. H. and Cornell, D. P. and Sun, C.-R.
             and Berry, A. and Harlow, T.},
  year    = {1993},
  title   = {There's More to Self-Esteem than Whether it is High
             or Low: The Importance of Stability of Self-Esteem},
  journal = {Journal of Personality and Social Psychology},
  volume  = {65},
  pages   = {1190--1204},
}

@book{4.08-2,
  editor    = {Robinson, D. N.},
  year      = {1992},
  title     = {Social Discourse and Moral Judgment},
  address   = {San Diego, CA},
  publisher = {Academic Press},
}

@misc{4.08-3,
  author    = {Bulatao, E. {\protect\bibliteral{(with
               Winford, C.~A.)}\protect\indexskipbracenodot}},
  year      = {\bibnodate},
  type      = {Unknown},
}

@article{4.09-1,
  author = {Fowers, B. J. and Olson, D. H.},
  year   = {1993},
  title  = {{ENRICH} {Marital} {Satisfaction} {Scale}:
            A Brief Research and Clinical Tool},
  journal = {Journal of Family Psychology},
  volume  = {7},
  pages   = {176--185},
}

@article{4.10-1,
  author  = {Deutsch, F. M. and Lussier, J. B. and Servis, L. J.},
  year    = {1993},
  title   = {Husbands At Home: Predictors of Paternal Participation
             in Childcare and Housework},
  journal = {Journal of Personality and Social Psychology},
  volume  = {65},
  pages   = {1154--1166},
}

@incollection{4.10-2,
  author    = {O'Neil, J. M. and Egan, J.},
  year      = {1992},
  title     = {Men's and Women's Gender Role Journeys:
               Metaphor for Healing, Transition, and Transformation},
  editor    = {Wainrib, B. R.},
  booktitle = {Gender Issues Across the Life Cycle},
  pages     = {107--123},
  address   = {New York},
  publisher = {Springer},
}

@article{4.11-1,
  author  = {Buss, D. M. and Schmitt, D. P.},
  year    = {1993},
  title   = {Sexual Strategies Theory: An Evolutionary Perspective
             on Human Mating},
  journal = {Psychological Review},
  volume  = {100},
  pages   = {204--232},
}

@magazine{4.11-2,
  author  = {Henry, III, W. A.},
  year    = {1990},
  month   = apr,
  day     = {9},
  title   = {Beyond the Melting Pot},
  journal = {Time},
  volume  = {135},
  pages   = {28--31},
}

@book{4.12-1,
  author    = {Saxe, G. B.},
  year      = {1991},
  title     = {Cultural and Cognitive Development: Studies in
               Mathematical Understanding},
  address   = {Hillsdale, NJ},
  publisher = {Erlbaum},
}

@incollection{4.13-1,
  author    = {Baker, F. M. and Lightfoot, O. B.},
  year      = {1993},
  title     = {Psychiatric Care of Ethnic Elders},
  editor    = {Gaw, A. C.},
  booktitle = {Culture, Ethnicity, and Mental Illness},
  pages     = {517--552},
  address   = {Washington, DC},
  publisher = {American Psychiatric Press},
}

@incollection{4.13-2,
  author    = {Merikle, Philip M.},
  year      = {2000},
  title     = {Subliminal Perception},
  editor    = {Kazdin, Alan E. and Blanchard, Edward B. and
               Bootzin, Richard R. and Bower, Gordon and
               Close Conoley, Jane and Deaux, Kay and Fox, Ronald E. and
               Harmon, Lenore W. and Howell, William C. and
               Marsella, Anthony J. and Price, Richard H. and
               Roediger, III, Henry L. and Rosenthal, Robert and
               Schmitt, Neal W. and Singer, Jerome L. and Squire, Larry R. and
               Zahn-Waxler, Carolyn},
  booktitle = {Encyclopedia of Psychology},
  volume    = {7},
  pages     = {497--499},
  address   = {New York},
  publisher = {Oxford University Press},
}

@misc{4.15-1,
  key         = {{\APACcitebtitle{Electronic Reference Formats}}},
  title       = {Electronic Reference Formats Recommended by the
                 {American} {Psychological} {Association}},
  year        = {2000},
  month       = oct,
  day         = {12},
  lastchecked = {October 23, 2000},
  URL         = {http://www.apa.org/journals/webref.html},
}

@article{4.15-2,
  author = {Eid, M. and Langeheine, R.},
  year   = {1999},
  title  = {The Measurement of Consistency and Occasion Specificity
            with Latent Class Models: A New Model and its
            Application to the Measurement of Affect},
  journal = {Psychological Methods},
  volume  = {4},
  pages   = {100--116},
  howpublished = {Retrieved November 19, 2000, from the PsycARTICLES database},
}


@article{A-1,
  author  = {Herman, L. M. and Kuczaj, III, S. A. and Holder, M. D.},
  year    = {1993},
  title   = {Responses to Anomalous Gestural Sequences by a
             Language-Trained Dolphin: {E}vidence for Processing
             of Semantic Relations and Syntactic Information},
  journal = {Journal of Experimental Psychology: General},
  volume  = {122},
  pages   = {184--194},
}

@article{ex1,
  author  = {Mellers, B. A.},
  year    = {2000},
  title   = {Choice and the Relative Pleasure of Consequences},
  journal = {Psychological Bulletin},
  volume  = {126},
  pages   = {910--924},
}

@article{ex2,
  author  = {Klimoski, R. and Palmer, S.},
  year    = {1993},
  title   = {The {ADA} and the Hiring Process in Organizations},
  journal = {Consulting Psychology Journal: Practice and Research},
  volume  = {45},
  number  = {2},
  pages   = {10--36},
}

@article{ex3,
  author  = {Saywitz, K. J. and Mannarino, A. P. and Berliner, L.
             and Cohen, J. A.},
  year    = {2000},
  title   = {Treatment for Sexually Abused Children and Adolescents},
  journal = {American Psychologist},
  volume  = {55},
  pages   = {1040--1049},
}

@article{ex4,
  author  = {Wolchik, S. A. and West, S. G. and Sandler, I. N. and
             Tein, J. and Coatsworth, D. and Lengua, L. and others},
  year    = {2000},
  title   = {An Experimental Evaluation of Theory-Based Mother and
             Mother-Child Programs for Children of Divorce},
  journal = {Journal of Consulting and Clinical Psychology},
  volume  = {68},
  pages   = {843--856},
}

@article{ex4-2,
  author  = {Swait, Joffre and Adamowicz, Wiktor and Hanemann, Michael
             and Diederich, Adele and Krosnick, Jon and Layton, David
             and Provencher, William and Schkade, David and Tourangeau, Roger},
  year    = {2002},
  title   = {Context Dependence and Aggregation
             in Disaggregate Choice Analysis},
  journal = {Marketing Letters},
  volume  = {13},
  pages   = {195--205},
}

@article{ex5,
  author  = {Zuckerman, M. and Kieffer, S. C.},
  year    = {\BIP},
  title   = {Race Differences in Face-ism: {D}oes Facial Prominence
             Imply Dominance?},
  journal = {Journal of Personality and Social Psychology},
}

@magazine{ex6,
  author  = {Kandel, E. R. and Squire, L. R.},
  year    = {2000},
  month   = nov,
  day     = {10},
  title   = {Neuroscience: {B}reaking Down Scientific Barriers to the
             Study of Brain and Mind},
  journal = {Science},
  volume  = {290},
  pages   = {1113--1120},
}

@article{ex7,
  author  = {Brown, L. S.},
  year    = {1993},
  month   = spring,
  title   = {Antidomination Training as a Central Component of
             Diversity in Clinical Psychology Education},
  journal = {The Clinical Psychologist},
  volume  = {46},
  pages   = {83--87},
}

@article{ex8,
  year    = {1993},
  month   = aug # "/" # sep,
  title   = {The New Health-Care Lexicon},
  journal = {Copy Editor},
  volume  = {4},
  pages   = {1--2},
}

@newspaper{ex9,
  key     = {{\APACciteatitle{New Drug}}},
  year    = {1993},
  month   = jul,
  day     = {15},
  title   = {New Drug Appears to Sharply Cut Risk of Death from
             Heart Failure},
  journal = {The Washington Post},
  pages   = {A12},
}

@newspaper{ex10,
  author  = {Schwartz, J.},
  year    = {1993},
  month   = sep,
  day     = {30},
  title   = {Obesity Affects Economic, Social Status},
  journal = {The Washington Post},
  pages   = {A1, A4},
}

@newspaper{ex11,
  author  = {Berkowitz, A. D.},
  year    = {2000},
  month   = nov,
  day     = {24},
  title   = {How to Tackle the Problem of Student Drinking},
  type    = {Letter to the editor},
  journal = {The Chronicle of Higher Education},
  pages   = {B20},
}

@article{ex12,
  editor  = {Barlow, D. H.},
  year    = {1991},
  title   = {Diagnoses, Dimensions, and \emph{DSM-IV}:
             The Science of Classification},
  type    = {Special issue},
  journal = {Journal of Abnormal Psychology},
  volume  = {100},
  number  = {3},
}

@article{ex13,
  author  = {Harris, P. L. and Kavanaugh, R. D.},
  year    = {1993},
  title   = {Young Children's Understanding of Pretense},
  journal = {Monographs of the Society for Research in Child Development},
  volume  = {58},
  number  = {1, Serial No.~231},
}

@article{ex14,
  author  = {Battig, W. F. and Montague, W. E.},
  year    = {1969},
  title   = {Category Norms for Verbal Items in 56 Categories:
             A Replication and Extension of the {Connecticut}
             Category Norms},
  journal = {Journal of Experimental Psychology Monographs},
  volume  = {80},
  number  = {3, Pt.~2},
}

@article{ex15,
  author  = {Ganster, D. C. and Schaubroeck, J. and Sime, W. E.
             and Mayes, B. T.},
  year    = {1991},
  title   = {The Nomological Validity of the {Type}~{A} Personality
             Among Employed Adults},
  type    = {Monograph},
  journal = {Journal of Applied Psychology},
  volume  = {76},
  pages   = {143--168},
}

@article{ex16,
  author  = {Woolf, N. J. and Young, S. L. and Fanselow, M. S. and
             Butcher, L. L.},
  year    = {1991},
  title   = {{MAP}-2 Expression in Cholinoceptive Pyramidal Cells
             of Rodent Cortex and Hippocampus is Altered by
             {Pavlovian} Conditioning},
  type    = {Abstract},
  journal = {Society for Neuroscience Abstracts},
  volume  = {17},
  pages   = {480},
}

@article{ex17,
  author  = {Nakazato, K. and Shimonaka, Y. and Homma, A.},
  year    = {{\protect\bibreftext{1992}{1992/1993}}},
  title   = {Cognitive Functions of Centenarians: The {Tokyo}
             {Metropolitan} {Centenarian} {Study}},
  journal = {Japanese Journal of Developmental Psychology},
  volume  = {3},
  pages   = {9--16},
  howpublished = {Abstract obtained from
             {\APACcitebtitle{PsycSCAN: Neuropsychology}},
             1993, \emph{2}, Abstract No.~604},
}

@article{ex18,
  author  = {Regier, A. A. and Narrow, W. E. and Rae, D. S.},
  year    = {1990},
  title   = {The Epidemiology of Anxiety Disorders: The Epidemiologic
             Catchment Area ({ECA}) Experience},
  journal = {Journal of Psychiatric Research},
  volume  = {24},
  number  = {Suppl.~2},
  pages   = {3--14},
}

@article{ex19,
  author  = {Fiske, S. T.},
  year    = {1993},
  title   = {Social Cognition and Social Perception},
  journal = {Annual Review of Psychology},
  volume  = {44},
  pages   = {155--194},
}

@article{ex20,
  author  = {Ising, M.},
  year    = {2000},
  title   = {Intensit{\"{a}}tsabh{\"{a}}ngigkeit evozierter {Potenzial} im
             {EEG}: Sind impulsive {Personen} {Augmenter} oder
             {Reducer}?},
  englishtitle = {Intensity Dependence in Event-Related {EEG} Potentials:
             Are Impulsive Individuals Augmenters or Reducers?},
  journal = {Zeitschrift f{\"{u}}r Differentielle und Diagnostische
             Psychologie},
  volume  = {21},
  pages   = {208--217},
}

@article{ex21,
  author  = {Stutte, H.},
  year    = {1972},
  title   = {Transcultural Child Psychiatry},
  journal = {Acta Paedopsychiatrica},
  volume  = {38},
  number  = {9},
  pages   = {229--231},
}

@article{ex22,
  author  = {Coltheart, M. and Curtis, B. and Atkins, P. and Haller, M.},
  year    = {1993},
  title   = {Models of Reading Aloud: Dual-Route and
             Parallel-Distributed-Processing Approaches},
  journal = {Psychological Review},
  volume  = {100},
  pages   = {589--608},
}

@book{B-1,
  author    = {Beck, C. A. J. and Sales, B. D.},
  year      = {2001},
  title     = {Family Mediation: Facts, Myths, and Future Prospects},
  address   = {Washington, DC},
  publisher = {American Psychological Association},
}

@book{ex23,
  author    = {Mitchell, T. R. and Larson, Jr.\hbox{}, J. R.},
  year      = {1987},
  title     = {People in Organizations: An Introduction to
               Organizational Behavior},
  edition   = {3},
  address   = {New York},
  publisher = {McGraw-Hill},
}

@book{ex24,
  author    = {{\bibcorporate{Australian Bureau of Statistics}}},
  year      = {1991},
  title     = {Estimated Resident Population by Age and Sex in
               Statistical Local Areas, {New} {South} {Wales},
               {June} 1990},
  number    = {3209.1},
  address   = {Canberra, Australian Capital Territory},
  publisher = {{\bibcorporate{Australian Bureau of Statistics}}},
}

@book{ex25,
  editor    = {Gibbs, J. T. and Huang, L. N.},
  year      = {1991},
  title     = {Children of Color: Psychological Interventions with
               Minority Youth},
  address   = {San Francisco},
  publisher = {Jossey-Bass},
}

@book{ex25-t1,
  author         = {Vygotsky, L. S.},
  year           = {1978},
  title          = {Mind in Society: {T}he Development of Higher Mental
                    Processes},
  editor         = {Rice, Edgar},
  translator     = {Rice, Edgar},
  address        = {Cambridge, MA},
  publisher      = {Harvard University Press},
  originalyear   = {1930, 1933, 1935},
}

@book{ex25-t2,
  author         = {J{\"{o}}reskog, Karl G. and S{\"{o}}rbom, Dag},
  year           = {1979},
  title          = {Advances in Factor Analysis
                    and Structural Equation Models},
  editor         = {Magidson, Jay},
  address        = {Cambridge, MA},
  publisher      = {Abt Books},
}

@book{ex26,
  year      = {1993},
  title     = {Merriam-{Webster}'s Collegiate Dictionary},
  edition   = {10},
  address   = {Springfield, MA},
  publisher = {Merriam-Webster},
}

@book{ex27,
  author    = {Rosenthal, R.},
  year      = {1987},
  title     = {Meta-Analytic Procedures for Social Research},
  edition   = {Rev.\hbox{}},
  address   = {Newbury Park, CA},
  publisher = {Sage},
}

@book{ex28,
  editor    = {Koch, S.},
  year      = {1959--1963},
  title     = {Psychology: {A} Study of Science},
  volume    = {1--6},
  address   = {New York},
  publisher = {McGraw-Hill},
}

@book{ex29,
  key       = {{\bibDSM{American Psychiatric
               Association}{Diagnostic and Statistical Manual
               of Mental Disorders}{4th ed.\hbox{}}{DSM-IV}}},
  author    = {{\bibcorporate{American Psychiatric Association}}},
  year      = {1994},
  title     = {Diagnostic and Statistical Manual of Mental Disorders},
  edition   = {4},
  address   = {Washington, DC},
  publisher = {{\bibcorporate{American Psychiatric Association}}},
}

@book{ex30,
  editor    = {Sadie, S.},
  year      = {1980},
  title     = {The New {G}rove Dictionary of Music and Musicians},
  edition   = {6},
  volume    = {1--20},
  address   = {London},
  publisher = {Macmillan},
}

@book{ex30-2,
  editor    = {Kazdin, Alan E. and Blanchard, Edward B. and
               Bootzin, Richard R. and Bower, Gordon and
               Close Conoley, Jane and Deaux, Kay and Fox, Ronald E. and
               Harmon, Lenore W. and Howell, William C. and
               Marsella, Anthony J. and Price, Richard H. and
               Roediger, III, Henry L. and Rosenthal, Robert and
               Schmitt, Neal W. and Singer, Jerome L. and Squire, Larry R. and
               Zahn-Waxler, Carolyn},
  year      = {2000},
  title     = {Encyclopedia of Psychology},
  address   = {New York},
  publisher = {Oxford University Press},
}

@book{ex31,
  author    = {Piaget, J. and Inhelder, B.},
  year      = {1951},
  title     = {La Gen{\`{e}}se de l'Id{\'{e}}e de Hasard chez l'Enfant},
  englishtitle = {The Origin of the Idea of Chance in the Child},
  address   = {Paris},
  publisher = {Presses Universitaires de France},
}

@book{ex32,
  author    = {Laplace, P.-S.},
  year      = {1951},
  title     = {A Philosophical Essay on Probabilities},
  translator = {Truscott, F. W. and Emory, F. L.},
  address   = {New York},
  publisher = {Dover},
  originalyear = {1814},
}

@book{ex33,
  author    = {{\bibcorporate{Research and Training Center on
               Independent Living}}},
  firstkey  = {{Research and Training Center on Independent Living [RTCIL]}},
  key       = {RTCIL},
  year      = {1993},
  title     = {Guidelines for Reporting and Writing About People
               with Disabilities},
  edition   = {4},
  type      = {Brochure},
  address   = {Lawrence, KS},
  publisher = {{\bibcorporate{Research and Training Center on
               Independent Living}}},
}

@incollection{B-2,
  author    = {Massaro, D.},
  year      = {1992},
  title     = {Broadening the Domain of the Fuzzy Logical Model of Perception},
  editor    = {Pick, Jr.\hbox{}, H. L. and van den Broek, P. and Knill, D. C.},
  booktitle = {Cognition: Conceptual and Methodological Issues},
  pages     = {51--84},
  address   = {Washington, DC},
  publisher = {American Psychological Association},
}

@incollection{ex34,
  author    = {Bjork, R. A.},
  year      = {1989},
  title     = {Retrieval Inhibition as an Adaptive Mechanism in Human Memory},
  editor    = {Roediger, III, H. L. and Craik, F. I. M.},
  booktitle = {Varieties of Memory \& Consciousness},
  pages     = {309--330},
  address   = {Hillsdale, NJ},
  publisher = {Erlbaum},
}

@incollection{ex35,
  author    = {Auerbach, J. S.},
  year      = {\BIP},
  title     = {The Origins of Narcissism and Narcissistic Personality
               Disorder: A Theoretical and Empirical Reformulation},
  editor    = {Masling, J. M. and Bornstein, R. F.},
  booktitle = {Empirical Studies of Psychoanalytic Theories:
               {Vol}.~4. {Psychoanalytic} Perspectives on Psychopathology},
  address   = {Washington, DC},
  publisher = {American Psychological Association},
}

@incollection{ex36,
  author    = {Maccoby, E. E. and Martin, J.},
  year      = {1983},
  title     = {Socialization in the Context of the Family:
               Parent-Child Interaction},
  editor    = {Mussen (Series Ed.\hbox{}), P. H. and
               Hetherington{\bibeditortype{Vol.\ Ed.\hbox{}}}, E. M.},
  booktitle = {Handbook of Child Psychology:
               {Vol}.~4. {Socialization}, Personality, and Social Development},
  edition   = {4},
  pages     = {1--101},
  address   = {New York},
  publisher = {Wiley},
}

@incollection{ex37,
  author       = {Davydov, V. V.},
  year         = {1972},
  title        = {De Introductie van het Begrip Grootheid in de Eerste
                  Klas van de Basisschool: Een Experimenteel Onderzoek},
  englishtitle = {The Introduction of the Concept of Quantity in the
                  First Grade of the Primary School: An Experimental Study},
  editor       = {Van Parreren, C. F. and Carpay, J. A. M.},
  booktitle    = {Sovjetpsychologen aan het Woord},
  pages        = {227--289},
  address      = {Groningen, The Netherlands},
  publisher    = {Wolters-Noordhoff},
}

@incollection{ex38,
  author       = {Bergmann, P. G.},
  year         = {1993},
  title        = {Relativity},
  booktitle    = {The New Encyclopaedia {Britannica}},
  volume       = {26},
  pages        = {501--508},
  address      = {Chicago},
  publisher    = {Encyclopaedia Britannica},
}

@incollection{ex39,
    author       = {Freud, Sigmund},
    year         = {1961},
    title        = {The Ego and the Id},
    editor       = {Strachey, J.},
    translator   = {Strachey, J.},
    booktitle    = {The Standard Edition of the Complete Psychological
                    Works of {Sigmund} {Freud}},
    volume       = {19},
    pages        = {3--66},
    address      = {London},
    publisher    = {Hogarth Press},
    originalyear = {1923},
}

@incollection{ex40,
    author       = {Piaget, J.},
    year         = {1988},
    title        = {Extracts from {Piaget}'s Theory},
    translator   = {Gellerier, G. and Langer, J.},
    editor       = {Richardson, K. and Sheldon, S.},
    booktitle    = {Cognitive Development to Adolescence: A Reader},
    pages        = {3--18},
    address      = {Hillsdale, NJ},
    publisher    = {Erlbaum},
    originalbooktitle = {Manual of Child Psychology},
    originalpages     = {703--732},
    originaleditor    = {Mussen, P. H.},
    originalyear      = {1970},
    originaladdress   = {New York},
    originalpublisher = {Wiley},
}

@incollection{ex40-t1,
   author          = {Browne, M[ichael] W.},
   year            = {1977},
   title           = {Generalized Least Squares Estimators in the Analysis
                      of Covariance Structures},
   editor          = {Aigner, D[ennis] J. and Goldberger, A[rthur] S.},
   booktitle       = {Latent Variables in Socio-Economic Models},
   pages           = {205--226},
   address         = {Amsterdam},
   publisher       = {North Holland},
   originalyear    = {1974},
   originaljournal = {South African Statistical Journal},
   originalvolume  = {8},
   originalpages   = {1--24},
}

@techreport{C-1,
  author      = {Mazzeo, J. and Druesne, B. and Raffeld, P. C.
                 and Checketts, K. T. and Muhlstein, A.},
  year        = {1991},
  title       = {Comparability of Computer and Paper-and-Pencil Scores
                 for Two {CLEP} General Examinations},
  type        = {College Board Rep.},
  number      = {91-5},
  address     = {Princeton, NJ},
  institution = {Educational Testing Service},
}

@techreport{ex41,
  author      = {{\bibcorporate{National Institute of Mental Health}}},
  firstkey    = {{National Institute of Mental Health [NIMH]}},
  key         = {{NIMH}},
  year        = {1990},
  title       = {Clinical Training in Serious Mental Illness},
  type        = {{DHHS} Publication},
  number      = {ADM 90-1679},
  address     = {Washington, DC},
  institution = {U.S. Government Printing Office},
}

@techreport{ex42,
  author      = {Osgood, D. W. and Wilson, J. K.},
  year        = {1990},
  title       = {Covariation of Adolescent Health Problems},
  type        = {\bibnotype},
  address     = {Lincoln},
  institution = {University of Nebraska},
  note        = {NTIS No.\hbox{} PB~91-154~377/AS},
}

@techreport{ex43,
  author      = {Mead, J. V.},
  year        = {1992},
  title       = {Looking at Old Photographs: Investigating the Teacher
                 Tales that Novice Teachers Bring with Them},
  type        = {Report},
  number      = {NCRTL-RR-92-4},
  address     = {East Lansing, MI},
  institution = {National Center for Research on Teacher Learning},
  note        = {ERIC Document Reproduction Service No.\hbox{} ED346082},
}

@techreport{ex44,
  author      = {{\bibcorporate{U.S. Department of Health and
                 Human Services}}},
  firstkey    = {{U.S. Department of Health and Human Services [DHHS]}},
  key         = {{DHHS}},
  year        = {1992},
  title       = {Pressure Ulcers in Adults: Prediction and Prevention},
  type        = {AHCPR Publication},
  number      = {92-0047},
  address     = {Rockville, MD},
  institution = {{\bibcorporate{U.S. Department of Health and
                 Human Services}}},
}

@intechreport{ex45,
  author      = {Matthews, K. A.},
  year        = {1985},
  title       = {Assessment of {Type}~{A} Behavior, Anger, and Hostility
                 in Epidemiologic Studies of Cardiovascular Disease},
  editor      = {Ostfield, A. M. and Eaker, E. D.},
  booktitle   = {Measuring Psychological Variables in Epidemiologic Studies
                 of Cardiovascular Disease},
  type        = {NIH Publication},
  number      = {85-2270},
  pages       = {153--183},
  address     = {Washington, DC},
  institution = {U.S. Department of Health and Human Services},
}

@techreport{ex46,
  author      = {Broadhurst, R. G. and Maller, R. A.},
  year        = {1991},
  title       = {Sex Offending and Recidivism},
  number      = {3},
  address     = {Nedlands},
  institution = {University of Western Australia, Crime Research Centre},
}

@techreport{ex47,
  editor      = {Shuker, R. and Openshaw, R. and Soler, J.},
  year        = {1990},
  title       = {Youth, Media, and Moral Panic in {New} {Zealand}:
                 From Hooligans to Video Nasties},
  type        = {Delta Research Monograph},
  number      = {11},
  address     = {Palmerston North, New Zealand},
  institution = {Massey University, Department of Education},
}

@techreport{ex48,
  author      = {{\bibcorporate{Employee Benefit Research Institute}}},
  firstkey    = {{Employee Benefit Research Institute [EBRI]}},
  key         = {{EBRI}},
  year        = {1992},
  month       = feb,
  title       = {Sources of Health Insurance and Characteristics of the
                 Uninsured},
  type        = {Issue Brief},
  number      = {123},
  address     = {Washington, DC},
  institution = {{\bibcorporate{Employee Benefit Research Institute}}},
}

@incollection{ex49,
  author       = {Deci, E. L. and Ryan, R. M.},
  year         = {1991},
  title        = {A Motivational Approach to Self:
                  Integration in Personality},
  editor       = {Dienstbier, R.},
  booktitle    = {Nebraska {Symposium} on {Motivation}: Vol.~38.
                  {Perspectives} on Motivation},
  pages        = {237--288},
  address      = {Lincoln},
  publisher    = {University of Nebraska Press},
}

@article{ex50,
  author  = {Cynx, J. and Williams, H. and Nottebohm, F.},
  year    = {1992},
  title   = {Hemispheric Differences in Avian Song Discrimination},
  journal = {Proceedings of the National Academy of Sciences, USA},
  volume  = {89},
  pages   = {1372--1375},
}

@lecture{ex51,
  author       = {Lichstein, K. L. and Johnson, R. S. and Womack, T. D.
                  and Dean, J. E. and Childers, C. K.},
  year         = {1990},
  month        = jun,
  title        = {Relaxation Therapy for Polypharmacy Use in Elderly
                  Insomniacs and Noninsomniacs},
  chair        = {Rosenthal, T. L.},
  symposium    = {Reducing Medication in Geriatric Populations},
  howpublished = {Symposium conducted at the meeting of the First
                  International Congress of Behavioral Medicine},
  address      = {Uppsala, Sweden},
}

@lecture{ex52,
  author       = {Lanktree, C. and Briere, J.},
  year         = {1991},
  month        = jan,
  title        = {Early Data on the {Trauma} {Symptom} {Checklist}
                  for {Children} ({TSC-C})},
  howpublished = {Paper presented at the meeting of the American
                  Professional Society on the Abuse of Children},
  address      = {San Diego, CA},
}

@lecture{ex53,
  author       = {Ruby, J. and Fulton, C.},
  year         = {1993},
  month        = jun,
  title        = {Beyond Redlining: Editing Software that Works},
  howpublished = {Poster session presented at the annual meeting of the
                  Society for Scholarly Publishing},
  address      = {Washington, DC},
}

@phdthesis{ex54,
  author       = {Bower, D. L.},
  year         = {1993},
  title        = {Employee Assistant Programs Supervisory Referrals:
                  Characteristics of Referring and Nonreferring
                  Supervisors},
  journal      = {Dissertation Abstracts International},
  volume       = {54},
  number       = {01},
  pages        = {534B},
  note         = {UMI No.~9315947},
}

@phdthesis{ex55,
  author       = {Ross, D. F.},
  year         = {1990},
  title        = {Unconscious Transference and Mistaken Identity: When
                  a Witness Misidentifies a Familiar but Innocent Person
                  from a Lineup},
  school       = {Cornell University},
  originalyear = {1990},
  journal      = {Dissertation Abstracts International},
  volume       = {51},
  pages        = {417},
}

@phdthesis{ex56,
  author       = {Wilfley, D. E.},
  year         = {1989},
  title        = {Interpersonal Analyses of Bulimia: Normalweight
                  and Obese},
  school       = {University of Missouri},
  address      = {Columbia},
}

@mastersthesis{ex57,
  author       = {Almeida, D. M.},
  year         = {1990},
  title        = {Fathers' Participation in Family Work: Consequences
                  for Fathers' Stress and Father--Child Relations},
  school       = {University of Victoria},
  address      = {Victoria, British Columbia, Canada},
}

@unpublished{ex58,
  author       = {Stinson, C. and Milbrath, C. and Reidbord, S. and Bucci, W.},
  year         = {1992},
  title        = {Thematic Segmentation of Psychotherapy Transcripts for
                  Convergent Analyses},
  howpublished = {Unpublished manuscript},
}

@unpublished{ex59,
  author       = {D{\'{e}}pret, E. F. and Fiske, S. T.},
  year         = {1993},
  title        = {Perceiving the Powerful: Intriguing Individuals Versus
                  Threatening Groups},
  howpublished = {Unpublished manuscript},
  organization = {University of Massachusetts at Amherst},
}

@unpublished{ex60,
  author       = {McIntosh, D. N.},
  year         = {1993},
  title        = {Religion as Schema, with Implications for the Relation
                  Between Religion and Coping},
  howpublished = {Manuscript submitted for publication},
}

@unpublished{ex61,
  author       = {Bordi, F. and LeDoux, J. E.},
  year         = {1993},
  type         = {Auditory response latencies in rat auditory cortex},
  howpublished = {Unpublished raw data},
}

@misc{ex62,
  editor       = {Klombers, N.},
  year         = {1993},
  month        = spring,
  title        = {{ADAA} {Reporter}},
  note         = {Available from the Anxiety Disorders Association of
                  America, 6000 Executive Boulevard, Suite 513,
                  Rockville, MD 20852},
}

@article{G-1,
  author       = {Mroczek, D. K.},
  year         = {2000},
  title        = {The Emerging Study of Midlife},
  type         = {Review of the book {\APACcitebtitle{Life in the middle:
                  Psychological and social development in middle age}}},
  journal      = {Contemporary Psychology: APA Review of Books},
  volume       = {45},
  pages        = {482--485},
}

@article{ex63,
  author       = {Schatz, B. R.},
  year         = {2000},
  title        = {Learning by Text or Context?},
  type         = {Review of the book
                  {\APACcitebtitle{The social life of information}}},
  journal      = {Science},
  volume       = {290},
  pages        = {1304},
}

@article{ex64,
  author       = {Kraus, S. J.},
  year         = {1992},
  title        = {Visions of Psychology: A Videotext of Classic Studies},
  type         = {Review of the motion picture
                  {\APACcitebtitle{Discovering Psychology}}},
  journal      = {Contemporary Psychology},
  volume       = {37},
  pages        = {1146--1147},
}

@misc{ex65-1,
  author    = {Scorsese, M. {\protect\bibliteral{(Producer)}\protect\bibskipbracenodot}
               and Lonergan, K.
               {\protect\bibliteral{(Writer/Director)}\protect\indexskipbracenodot}},
  year      = {2000},
  title     = {You Can Count On Me},
  type      = {Motion picture},
  address   = {United States},
  publisher = {Paramount Pictures},
}

@misc{ex65-2,
  author    = {Harrison, J. {\protect\bibliteral{(Producer)}\protect\bibskipbracenodot}
               and Schmiechen, R.
               {\protect\bibliteral{(Director)}\protect\indexskipbracenodot}},
  year      = {1992},
  title     = {Changing Our Minds: The Story of {Evelyn} {Hooker}},
  type      = {Motion picture},
  note      = {Available from Changing Our Minds, Inc., 170 West End
               Avenue, Suite 25R, New York, NY 10023},
}

@misc{ex65-3,
  author    = {{\bibcorporate{American Psychological Association (Producer)}}},
  firstkey  = {{American Psychological Association [APA]}},
  key       = {{APA}},
  year      = {2000},
  title     = {Responding Therapeutically to Patient Expressions of
               Sexual Attraction: A Stimulus Training Tape},
  type      = {Motion picture},
  note      = {Available from the American Psychological Association,
               750 First Street, NE, Washington, DC 20002-4242},
}

@misc{ex66,
  author    = {Crystal, L. {\protect\bibliteral{(Executive
                            Producer)}\protect\indexskipbracenodot}},
  year      = {1993},
  month     = oct,
  day       = {11},
  title     = {The {MacNeil}/{Lehrer} News Hour},
  type      = {Television broadcast},
  address   = {New York and Washington, DC},
  publisher = {Public Broadcasting Service},
}

@misc{ex67,
  editor    = {Miller, {\bibinitial{R\bibeditortype{Producer}}}},
  year      = {1989},
  title     = {The Mind},
  type      = {Television series},
  address   = {New York},
  publisher = {WNET},
}

@incollection{ex68,
  author    = {Hall, B. {\protect\bibliteral{(Writer)}\protect\bibskipbracenodot}
               and Bender, J.
               {\protect\bibliteral{(Director)}\protect\indexskipbracenodot}},
  year      = {1991},
  title     = {The Rules of the Game},
  type      = {Television series episode},
  editor    = {Sander{\bibeditortype{Producer}}, J.},
  booktitle = {I'll Fly Away},
  address   = {New York},
  publisher = {New York Broadcasting Company},
}

@incollection{ex69-1,
  key       = {{\protect\bibsong{Shocked}{1992}{Over the
               Waterfall}{track~5}}},
  author    = {Shocked, Michelle},
  year      = {1992},
  title     = {Over the Waterfall{\bibInstring{\BOn}}},
  booktitle = {Arkansas Traveler {\upshape[\uppercase{CD}]}},
  address   = {New York},
  publisher = {PolyGram Music},
}

@incollection{ex69-2,
  key       = {{\protect\bibsong{Goodenough}{1982}{Tails
                and Trotters}{track~5}}},
  author    = {Goodenough, J. B.},
  year      = {1982},
  title     = {Tails and Trotters{\bibInstring{\BOn}}},
  type      = {Recorded by G. Bok, A. Mayo, \& E. Trickett},
  booktitle = {And So Will We Yet {\upshape[\uppercase{CD}]}},
  address   = {Sharon, CT},
  publisher = {Folk-Legacy Records},
  note      = {1990},
}

@misc{ex70,
  author    = {Costa, Jr.\hbox{} {\protect\bibliteral{(Speaker)}}, P. T.},
  year      = {1988},
  title     = {Personality, Continuity, and Changes of Adult Life},
  type      = {Cassette Recording},
  number    = {207-433-88A-B},
  address   = {Washington, DC},
  publisher = {American Psychological Association},
}

@article{ex71-1,
  author  = {VandenBos, G. and Knapp, S. and Doe, J.},
  year    = {2001},
  title   = {Role of Reference Elements in the Selection of Resources
             by Psychology Undergraduates},
  type    = {Electronic version},
  journal = {Journal of Bibliographic Research},
  volume  = {5},
  pages   = {117--123},
}

@article{ex71-2,
  author      = {VandenBos, G. and Knapp, S. and Doe, J.},
  year        = {2001},
  title       = {Role of Reference Elements in the Selection of Resources
                 by Psychology Undergraduates},
  journal     = {Journal of Bibliographic Research},
  volume      = {5},
  pages       = {117--123},
  lastchecked = {October 13, 2001},
  url         = {http://jbr.org/articles.html},
}

@article{ex72,
  author      = {Fredrickson, B. L.},
  year        = {2000},
  month       = mar,
  day         = {7},
  title       = {Cultivating Positive Emotions to Optimize Health
                 and Well-Being},
  journal     = {Prevention \& Treatment},
  volume      = {3},
  pages       = {Article 0001a},
  lastchecked = {November 20, 2000},
  url         = {http://journals.apa.org/prevention/volume3/pre0030001a.html},
}

@article{ex73,
  author      = {Crow, T. J.},
  year        = {2000},
  title       = {Did \emph{Homo} {\emph{Sapiens}} Speciate on the
                 {\emph{Y}} Chromosome?},
  journal     = {Psycoloquy},
  volume      = {11},
  lastchecked = {March 25, 2001},
  url         = {ftp://ftp.princeton.edu/harnad/Psycoloquy/
                 2000.volume.11/psyc.00.11.001.
                 language-sex-chromosomes.1.crow},
}

@article{ex74,
  author      = {Glueckauf, R. L. and Whitton, J. and Baxter, J. and Kain, J.
                 and Vogelgesang, S. and Hudson, M. and others},
  year        = {1998},
  month       = jul,
  title       = {Videocounseling for Families of Rural Teens with
                 Epilepsy---{P}roject Update},
  journal     = {Telehealth News},
  volume      = {2},
  number      = {2},
  lastchecked = {June 6, 2000},
  url         = {http://www.telehealth.net/subscribe/newslettr_4a.html#1},
}

@misc{ex75,
  author      = {{\bibcorporate{Greater New Milford (Ct) Area Healthy
                  Community 2000,
                  Task Force on Teen and Adolescent Issues}}},
  firstkey    = {{Greater New Milford (Ct) Area Healthy Community 2000,
                  Task Force on Teen and Adolescent Issues [TFTAI]}},
  key         = {{TFTAI}},
  year        = {\bibnodate},
  title       = {Who Has Time for a Family Meal? {You} Do!},
  lastchecked = {October 5, 2000},
  url         = {http://www.familymealtime.org},
}

@incollection{ex76,
  author      = {{\bibcorporate{Benton Foundation}}},
  year        = {1998},
  month       = jul,
  day         = {7},
  title       = {Barriers to Closing the Gap},
  booktitle   = {Losing Ground Bit by Bit: Low-Income Communities in the
                 Information Age},
  chapter     = {2},
  lastchecked = {August 18, 2001},
  url         = {http://www.benton.org/Library/Low-Income/two.html},
}

@misc{ex77,
  year        = {\bibnodate},
  title       = {{GVU}'s 8th {WWW} User Survey},
  lastchecked = {August 8, 2000},
  url         = {http://www.cc.gatech.edu/gvu/user_surveys/survey-1997-10/},
}

@misc{ex78,
  author    = {Chou, L. and McClintock, R. and Moretti, F. and Nix, D. H.},
  year      = {1993},
  title     = {Technology and Education: New Wine in New Bottles:
               Choosing Pasts and Imagining Educational Futures},
  howpublished   = {Retrieved August 24, 2000, from Columbia University,
               Institute for Learning Technologies Web site:
               \url{http://www.ilt.columbia.edu/
                    publications/papers/newwine1.html}\bibnodot{.}},
}

@misc{ex79,
  author    = {{\bibcorporate{University of California, San Francisco,
               Institute for Health and Aging}}},
  firstkey  = {{University of California, San Francisco, Institute for
                Health and Aging [UCSF-IHA]}},
  key       = {{UCSF-IHA}},
  year      = {1996},
  month     = nov,
  title     = {Chronic Care in {A}merica: {A} 21st Century Challenge},
  howpublished   = {Retrieved September 9, 2000, from the Robert Wood Johnson
               Foundation Web site:
               \url{http://www.rwjf.org/library/chrcare/}\bibnodot{.}},
}

@misc{ex80,
  author      = {{\bibcorporate{United States Sentencing Commission}}},
  firstkey    = {{United States Sentencing Commission [USSC]}},
  key         = {{USSC}},
  year        = {\bibnodate},
  title       = {{\APACSortNoop{Nineteen Ninety-Seven}}1997 Sourcebook of
                 Federal Sentencing Statistics},
  lastchecked = {December 8, 1999},
  url         = {http://www.ussc.gov/annrpt/1997/sbtoc97.htm},
}

@misc{ex81,
  author      = {{\bibcorporate{Canarie, Inc.}}},
  year        = {1997},
  month       = sep,
  day         = {27},
  title       = {Towards a {Canadian} Health {IWAY}: Vision, Opportunities
                 and Future Steps},
  lastchecked = {November 8, 2000},
  url         = {http://www.canarie.ca/press/publications/pdf/
                         health/healthvision.doc},
}

@techreport{ex82,
  author    = {Kruschke, J. K. and Bradley, A. L.},
  year      = {1995},
  title     = {Extensions to the Delta Rule of Associative Learning},
  type      = {Indiana University Cognitive Science Research Report},
  number    = {14\BmakeAbstractRetrieved},
  lastchecked = {October 21, 2000},
  url         = {http://www.indiana.edu/~kruschke/deltarule_abstract.html},
}

@lecture{ex83,
  author       = {Cutler, L. D. and Fr{\"{o}}lich, B. and Hanrahan, P.},
  year         = {1997},
  month        = jan,
  day          = {16},
  title        = {Two-Handed Direct Manipulation on the Responsive
                  Workbench},
  howpublished = {Paper presented at the 1997 Symposium on Interactive 3D
                  Graphics\BmakeAbstractRetrieved},
  lastchecked  = {June 12, 2000},
  url          = {http://www.graphics.stanford.edu/papers/twohanded/},
}

@lecture{ex84,
  author       = {Tan, G. and Lewandowsky, S.},
  year         = {1996},
  title        = {A Comparison of Operator Trust in Humans Versus Machines},
  howpublished = {Paper presented at the CybErg 96 virtual conference},
  lastchecked  = {May 16, 2000},
  url          = {http://www.curtin.edu.au/conference/cyberg/
                  centre/outline.cgi/frame?dir=tan},
}

@misc{ex85,
  author = {Chalmers, D.},
  year   = {2000},
  month  = nov,
  day    = {17},
  title  = {Seeing with Sound},
  type   = {\bibmessage},
  number = {1},
  url    = {news://sci.psychology.consciousness}
}

@misc{ex86,
  author = {Simons, D. J.},
  year   = {2000},
  month  = jul,
  day    = {14},
  title  = {News Resources for Visual Cognition},
  type   = {\bibmessage},
  number = {31},
  url    = {http://groups.yahoo.com/group/visualcognition/message/31},
}

@misc{ex87,
  author = {Hammond, T.},
  year   = {2000},
  month  = nov,
  day    = {20},
  title  = {{YAHC}: {Handle} {Parameters}, {DOI} {Genres}, etc.},
  type   = {\bibmessage},
  howpublished = {Message posted to Ref-Links electronic mailing list,
            archived at \url{http://www.doi.org/mail-archive/
                             ref-link/msg00088.html}\bibnodot{.}},
}

@article{ex88,
  author  = {Borman, W. C. and Hanson, M. A. and Oppler, S. H. and
             Pulakos, E. D. and White, L. A.},
  year    = {1993},
  title   = {Role of Early Supervisory Experience in Supervisor Performance},
  journal = {Journal of Applied Psychology},
  volume  = {78},
  pages   = {443--449},
  howpublished = {Retrieved October 23, 2000, from the PsycARTICLES database},
}

@newspaper{ex89,
  author      = {Hilts, P. J.},
  year        = {1999},
  month       = feb,
  day         = {16},
  title       = {In Forecasting Their Emotions, Most People Flunk Out},
  journal     = {New York Times},
  lastchecked = {November 21, 2000},
  url         = {http://www.nytimes.com},
}

@article{ex90,
  author  = {Fournier, M. and {\lowercase{D}}e Ridder, D. and Bensing, J.},
  year    = {1999},
  title   = {Optimism and Adaptation to Multiple Sclerosis: What Does
             Optimism Mean?},
  journal = {Journal of Behavioral Medicine},
  volume  = {22},
  pages   = {303--326},
  howpublished = {Abstract retrieved October 23, 2000, from PsycINFO database},
}

@techreport{ex91,
  author  = {{\bibcorporate{U.S. General Accounting Office}}},
  year    = {1997},
  month   = feb,
  title   = {Telemedicine: Federal Strategy is Needed to Guide Investments},
  type    = {Publication},
  number  = {GAO/NSAID/HEHS-97-67},
  howpublished = {Retrieved September 15, 2000, from General Accounting Office
             Reports Online via GPO Access:
             \url{http://www.access.gpo.gov/su_docs/aces/
                  aces160.shtml?/gao/index.html}\bibnodot{.}},
}

@misc{ex92,
  author    = {Miller, M. E.},
  year      = {1993},
  title     = {The {Interactive} {Tester}},
  edition   = {Version~4.0\noedition\ignorespaces},
  type      = {\bibcomputersoftware},
  address   = {Westminster, CA},
  publisher = {Psytek Services},
}

@misc{ex93,
  author      = {Schwarzer, R.},
  year        = {1989},
  title       = {Statistics Software for Meta-Analysis},
  type        = {\bibcomputersoftwareandmanual},
  lastchecked = {March 23, 2001},
  url         = {http://www.yorku.ca/faculty/academic/schwarze/meta_e.htm},
}

@manual{ex93-t1,
  author    = {{\bibcorporate{R Development Core Team}}},
  year      = {2004},
  title     = {R: A Language and Environment for Statistical Computing},
  address   = {Vienna, Austria},
  publisher = {R Foundation for Statistical Computing},
  url       = {http://www.r-project.org},
}

@misc{ex94,
  key       = {{\APACcitebtitle{National Health Interview Survey}}},
  title     = {National {Health} {Interview} {Survey}---{Current} Health
               Topics: 1991---{Longitudinal} Study of Aging},
  edition   = {Version~4\noedition\ignorespaces},
  type      = {Data file},
  year      = {\bibnodate},
  address   = {Hyattsville, MD},
  publisher = {National Center for Health Statistics},
}

@misc{ex95,
  author    = {{\bibcorporate{Department of Health and Human Services,
                National Center for Health Statistics}}},
  firstkey  = {{Department of Health and Human Services,
                National Center for Health Statistics [DHHS-NCHS]}},
  key       = {{DHHS-NCHS}},
  year      = {1991},
  title     = {National {Health} {Provider} {Inventory}: Home Health
               Agencies and Hospices, 1991},
  type      = {Data file},
  howpublished = {Available from National Technical Information Service
                  Web site, \url{http://www.ntis.gov}\bibnodot{.}},
}
@article{apa6:ch7-ex1,
  author  = {Herbst-Damm, Kathryn L. and Kulik, James A.},
  year    = {2005},
  title   = {Volunteer Support, Marital Status, and the Survival Times of
             Terminally Ill Patients},
  journal = {Health Psychology},
  volume  = {24},
  pages   = {225--229},
  doi     = {10.1037/0278-6133.24.2.225},
}

@article{apa6:ch7-ex2,
  author  = {Gilbert, David G. and McClernon, F. Joseph and
             Rabinovich, Norka E. and Sugai, Chihiro and
             Plath, Louisette C. and Asgaard, Greg and Zuo, Yantao and
             Huggenvik, Jodi and Botros, Nazeih},
  year    = {2004},
  title   = {Effects of Quitting Smoking on {EEG} Activation and Attention
             Last for More than 31 Days and are More Severe with Stress,
             Dependence, {DRD2~A1} Allele, and Depressive Traits},
  journal = {Nicotine \& Tobacco Research},
  volume  = {6},
  pages   = {249--267},
  doi     = {10.1080/14622200410001676305},
}
@article{apa6:ch7-ex3-1,
  author  = {Sillick, Tamra J. and Schutte, Nicola S.},
  year    = {2006},
  title   = {Emotional Intelligence and Self-Esteem Mediate Between Perceived
             Early Parental Love and Adult Happiness},
  journal = {E-Journal of Applied Psychology: Emotional Intelligence},
  volume  = {2},
  number  = {2},
  pages   = {38--48},
  url     = {http://ojs.lib.swin.edu.au/index.php/ejab},
}

@article{apa6:ch7-ex3-2,
  author  = {Light, Matthew A. and Light, Ivan H.},
  year    = {2008},
  title   = {The Geographic Expansion of {Mexican} Immigration in the
             {United} {States} and its Implications for Local Law
             Enforcement},
  journal = {Law Enforcement Executive Forum},
  volume  = {8},
  number  = {1},
  pages   = {73--82},
}
@article{apa6:ch7-ex4,
  author  = {Guimard, Philippe and Florin, Agn\`es},
  year    = {2007},
  title   = {Les \'Evaluations des Enseignants en Grande Section de
             Maternelle Sont-Elles Pr\'edictives des Difficult\'es de
             Lecture au Cours Pr\'eparatoire?},
  englishtitle = {Are Teacher Ratings in Kindergarten Predictive of
             Reading Difficulties in First Grade?},
  journal = {Approche Neuropsychologique des Apprentissages chez l'Enfant},
  volume  = {19},
  pages   = {5--17},
}

@article{apa6:ch7-ex5,
  author       = {Von Ledebur, Sidonia C.},
  year         = {2007},
  title        = {Optimizing Knowledge Transfer by New Employees in Companies},
  journal      = {Knowledge Management Research \& Practice},
  howpublished = {Advance online publication},
  doi          = {10.1057/palgrave.kmrp.8500141},
}
@article{apa6:ch7-ex6,
  author  = {Briscoe, Robert},
  year    = {\BIP},
  title   = {Egocentric Spatial Representation in Action and Perception},
  journal = {Philosophy and Phenomenological Research},
  url     = {http://cogprints.org/5780/1/ECSRAP.F07.pdf},
}

@magazine{apa6:ch7-ex7,
  author    = {Chamberlin, J. and Novotney, A. and Packard, E.
               and Price, M.},
  year      = {2008},
  month     = may,
  title     = {Enhancing Worker Well-Being: Occupational Health
               Psychologists Convene to Share Their Research on Work,
               Stress, and Health},
  journal   = {Monitor on Psychology},
  volume    = {39},
  number    = {5},
  pages     = {26--29},
}
@magazine{apa6:ch7-ex8,
  author  = {Clay, Rebecca},
  year    = {2008},
  month   = jun,
  title   = {Science vs.\ Ideology: Psychologists Fight Back Against
             the Misuse of Research},
  journal = {Monitor on Psychology},
  volume  = {39},
  number  = {6},
  url     = {http://www.apa.org/monitor/},
}
@article{apa6:ch7-ex9,
  key     = {{\APACciteatitle{Six Sites Meet}}},
  title   = {Six Sites Meet for Comprehensive Anti-Gang
             Initiative Conference},
  year    = {2006},
  month   = nov # "/" # dec,
  journal = {OJJDP News @ a Glance},
  url     =
    {http://www.ncjrs.gov/html/ojjdp/news_at_glance/216684/topstory.html},
}

@newspaper{apa6:ch7-ex10,
  author  = {Schwartz, John},
  year    = {1993},
  month   = sep,
  day     = {30},
  title   = {Obesity Affects Economic, Social Status},
  journal = {The Washington Post},
  pages   = {A1, A4},
}

@newspaper{apa6:ch7-ex11,
  author  = {Brody, Jane E.},
  year    = {2007},
  month   = dec,
  day     = {11},
  title   = {Mental Reserves Keep Brain Agile},
  journal = {The New York Times},
  url     = {http://www.nytimes.com},
}

@article{apa6:ch7-ex12-1,
  editor  = {Haney, Craig and Wiener, Richard L.},
  year    = {2004},
  title   = {Capital Punishment in the {United} {States}},
  type    = {Special issue},
  journal = {Psychology, Public Policy, and Law},
  volume  = {10},
  number  = {4},
}

@article{apa6:ch7-ex12-2,
  editor  = {Yan, Zheng and Greenfield, Patricia},
  year    = {2006},
  title   = {Children, Adolescents, and the {Internet}},
  type    = {Special section},
  journal = {Developmental Psychology},
  volume  = {42},
  pages   = {391--458},
}
@article{apa6:ch7-ex12-3,
  key     = {{\APACciteatitle{Capital Punishment}}},
  title   = {Capital Punishment in the {United} {States}},
  year    = {2004},
  type    = {Special issue},
  journal = {Psychology, Public Policy, and Law},
  volume  = {10},
  number  = {4},
}

@article{apa6:ch7-ex13-1,
  author  = {Ganster, Daniel C. and Schaubroeck, John and
             Sime, Wesley E. and Mayes, Bronston T.},
  year    = {1991},
  title   = {The Nomological Validity of the {Type~A} Personality Among
             Employed Adults},
  type    = {Monograph},
  journal = {Journal of Applied Psychology},
  volume  = {76},
  pages   = {143--168},
  doi     = {10.1037/0021-9010.76.1.143},
}
@article{apa6:ch7-ex13-2,
  author  = {Harris, Paul L. and Kavanaugh, Robert D.},
  year    = {1993},
  title   = {Young Children's Understanding of Pretense},
  journal = {Monographs of the Society for Research in Child Development},
  volume  = {58},
  number  = {1, Serial No.~231},
}

@article{apa6:ch7-ex13-3,
  author  = {Battig, William F. and Montague, William E.},
  year    = {1969},
  title   = {Category Norms for Verbal Items in 56 Categories:
             A Replication and Extension of the {Connecticut}
             Category Norms},
  journal = {Journal of Experimental Psychology Monographs},
  volume  = {80},
  number  = {3, Pt.~2},
}
@article{apa6:ch7-ex14,
  key     = {{\APACciteatitle{Editorial}}},
  title   = {Editorial: ``{What} Is a Disaster'' and Why Does This
             Question Matter?},
  year    = {2006},
  type    = {Editorial},
  journal = {Journal of Contingencies and Crisis Management},
  volume  = {14},
  pages   = {1--2},
}
@article{apa6:ch7-ex15,
  author  = {Marshall-Pescini, Sarah and Whiten, Andrew},
  year    = {2008},
  title   = {Social Learning of Nut-Cracking Behavior in {East} {African}
             Sanctuary-Living Chimpanzees (\emph{Pan troglodytes
             schweinfurthii})},
  type    = {Supplemental material},
  journal = {Journal of Comparative Psychology},
  volume  = {122},
  pages   = {186--194},
  doi     = {10.1037/0735-7036.122.2.186.supp},
}
@article{apa6:ch7-ex16-1,
  author  = {Woolf, Nancy J. and Young, Stacey L. and Fanselow, Michael S.
             and Butcher, Larry L.},
  year    = {1991},
  title   = {{MAP-2} Expression in Cholinoceptive Pyramidal Cells of
             Rodent Cortex and Hippocampus is Altered by {Pavlovian}
             Conditioning},
  type    = {Abstract},
  journal = {Society for Neuroscience Abstracts},
  volume  = {17},
  pages   = {480},
}

@article{apa6:ch7-ex16-2,
  author  = {Lassen, Stephen R. and Steele, Michael M. and Sailor, Wayne},
  year    = {2006},
  title   = {The Relationship of School-Wide {Positive} {Behavior}
             {Support} to Academic Achievement in an Urban Middle School},
  journal = {Psychology in the Schools},
  volume  = {43},
  pages   = {701--712},
  url     = {http://www.interscience.wiley.com},
}
@article{apa6:ch7-ex17,
  author  = {Hare, Linda R. and O'Neill, Kevin},
  year    = {2000},
  title   = {Effectiveness and Efficiency in Small Academic Peer Groups:
             A Case Study},
  journal = {Small Group Research},
  volume  = {31},
  pages   = {24--53},
  howpublished = {Abstract retrieved from {Sociological} {Abstracts}
             database},
  note    = {(Accession No.\ 200010185)},
}
@book{apa6:ch7-ex18,
  author    = {Shotton, Margaret A.},
  year      = {1989},
  title     = {Computer Addiction? {A} Study of Computer Dependency},
  address   = {London, England},
  publisher = {Taylor \& Francis},
}
@book{apa6:ch7-ex19-1,
  author    = {Shotton, Margaret A.},
  year      = {1989},
  title     = {Computer Addiction? {A} Study of Computer Dependency},
  type      = {DX Reader version},
  url       = {http://www.ebookstore.tandf.co.uk/html/index.asp},
}

@book{apa6:ch7-ex19-2,
  author    = {Schiraldi, Glenn R.},
  year      = {2000},
  title     = {The Post-Traumatic Stress Disorder Sourcebook:
               A Guide to Healing, Recovery, and Growth},
  type      = {Adobe Digital Editions version},
  doi       = {10.1036/0071393722},
}
@book{apa6:ch7-ex20,
  author = {O'Keeffe, Elton},
  year   = {\bibnodate},
  title  = {Egoism \& the Crisis in {Western} Values},
  url    = {http://www.onlineoriginals.com/showitem.asp?itemID=135},
}
@incollection{apa6:ch7-ex21,
  author       = {Freud, Sigmund},
  year         = {1953},
  title        = {The Method of Interpreting Dreams:
                  An Analysis of a Specimen Dream},
  editor       = {Strachey, James},
  translator   = {Strachey, James},
  booktitle    = {The Standard Edition of the Complete Psychological
                  Works of {Sigmund} {Freud}},
  volume       = {4},
  pages        = {96--121},
  originalyear = {1900},
  url          = {http://books.google.com/books},
}
@book{apa6:ch7-ex22,
  editor    = {Thomas, Noreen},
  year      = {2002},
  title     = {Perspectives on the Community College: A Journey of Discovery},
  type      = {Monograph},
  url       = {http://eric.ed.gov},
}
@book{apa6:ch7-ex23,
  editor    = {Koch, Sigmund},
  year      = {1959--1963},
  title     = {Psychology: A Study of a Science},
  volume    = {1--6},
  address   = {New York, NY},
  publisher = {McGraw-Hill},
}
@incollection{apa6:ch7-ex24,
  author    = {Strong, Edward K., Jr. and Uhrbrock, Richard S.},
  year      = {1923},
  title     = {Bibliography on Job Analysis},
  editor    = {Outhwaite{\bibeditortype{Series Ed.\hbox{}}}, Leonard},
  booktitle = {Personnel {Research} {Series}: Vol.~1. {Job} Analysis and the
               Curriculum},
  pages     = {140--146},
  doi       = {10.1037/10762-000},
}
@incollection{apa6:ch7-ex25,
  author    = {Haybron, Daniel M.},
  year      = {2008},
  title     = {Philosophy and the Science of Subjective Well-Being},
  editor    = {Eid, Michael and Larsen, Randy J.},
  booktitle = {The Science of Subjective Well-Being},
  pages     = {17--43},
  address   = {New York, NY},
  publisher = {Guilford Press},
}
@incollection{apa6:ch7-ex26,
    author       = {Piaget, Jean},
    year         = {1988},
    title        = {Extracts from {Piaget}'s Theory},
    translator   = {Gellerier, Guy and Langer, Jonas},
    editor       = {Richardson, Ken and Sheldon, Sue},
    booktitle    = {Cognitive Development to Adolescence: A Reader},
    pages        = {3--18},
    address      = {Hillsdale, NJ},
    publisher    = {Erlbaum},
    originalbooktitle = {Manual of Child Psychology},
    originalpages     = {703--732},
    originaleditor    = {Mussen, Paul H.},
    originalyear      = {1970},
    originaladdress   = {New York, NY},
    originalpublisher = {Wiley},
}
@book{apa6:ch7-ex27,
  editor    = {VandenBos, Gary R.},
  year      = {2007},
  title     = {{APA} Dictionary of Psychology},
  address   = {Washington, DC},
  publisher = {American Psychological Association},
}
@book{apa6:ch7-ex28,
author    = {{\bibcorporate{Real Academia Espa\~{n}ola}}},
  year      = {2001},
  title     = {Diccionario de la Lengua Espa\~{n}ola},
  englishtitle = {Dictionary of the {Spanish} Language},
  edition   = {22},
  address   = {Madrid, Spain},
  publisher = {{\bibcorporate{Real Academia Espa\~{n}ola}}},
}
@incollection{apa6:ch7-ex29,
    author       = {Graham, George},
    year         = {2007},
    title        = {Behaviorism},
    editor       = {Zalta, Edward N.},
booktitle    = {The {Stanford} Encyclopedia of Philosophy},
edition      = {Fall 2007},
    url          = {http://plato.stanford.edu/entries/behaviorism/},
}
@incollection{apa6:ch7-ex30,
  title     = {Heuristic},
  booktitle = {Merriam-{Webster}'s Online Dictionary},
  edition   = {11},
  url       = {http://www.m-w.com/dictionary/heuristic},
}
@techreport{apa6:ch7-ex31,
  author = {{\bibcorporate{U.S. Department of Health and Human
            Services, National Institutes of Health, National Heart,
            Lung, and Blood Institute}}},
  firstkey = {{U.S. Department of Health and Human
            Services, National Institutes of Health, National Heart,
            Lung, and Blood Institute [NHLBI]}},
  key    = {{NHLBI}},
  year   = {2003},
  title  = {Managing Asthma: A Guide for Schools},
  type   = {NIH Publication},
  number = {02-2650},
  url    = {http://www.nhlbi.nih.gov/health/prof/lung/asthma/asth_sch.pdf},
}
@techreport{apa6:ch7-ex32,
  author = {{\bibcorporate{American Psychological Association, Task
            Force on the Sexualization of Girls}}},
  firstkey = {{American Psychological Association, Task
            Force on the Sexualization of Girls [APA]}},
  key    = {{APA}},
  year   = {2007},
  title  = {Report of the {APA} {Task} {Force} on the {Sexualization}
            of {Girls}},
  type   = {\bibnotype},
  url    = {http://www.apa.org/pi/wpo/sexualization.html},
}
@techreport{apa6:ch7-ex33,
  author = {Kessy, Severine S. A. and Urio, Fratern M.},
  year   = {2006},
  title  = {The Contribution of Microfinance Institutions to
            Poverty Reduction in {Tanzania}},
  type   = {Research Report\APACredefineOnce{BRetrievedFrom}
            {Retrieved from Research on Poverty Alleviation
             website:\ }},
  number = {06.3},
  url    = {http://www.repoa.or.tz/documents_storage/Publications/Reports/06.3_Kessy_and_Urio.pdf},
}
@techreport{apa6:ch7-ex34,
  author = {McDaniel, Julie E. and Miskel, Cecil G.},
  year   = {2002},
  title  = {The Effect of Groups and Individuals on National
            Decisionmaking: Influence and Domination in the
            Reading Policymaking Environment},
  type   = {CIERA Report\APACredefineOnce{BRetrievedFrom}
            {Retrieved from University of Michigan, Center for
             Improvement of Early Reading Achievement website:\ }},
  number = {3-025},
  url    = {http://www.ciera.org/library/reports/inquiry-3/3-025/3-025.pdf},
}
@techreport{apa6:ch7-ex35,
  author      = {{\bibcorporate{Employee Benefit Research Institute}}},
  firstkey    = {{Employee Benefit Research Institute [EBRI]}},
  key         = {{EBRI}},
  year        = {1992},
  month       = feb,
  title       = {Sources of Health Insurance and Characteristics of the
                 Uninsured, Analysis of the {March} 1991 {Current}
                 {Population} {Survey}},
  type        = {Issue Brief},
  number      = {123},
  address     = {Washington, DC},
  institution = {{\bibcorporate{Employee Benefit Research Institute}}},
}
@lecture{apa6:ch7-ex36,
  author       = {Muellbauer, John},
  year         = {2007},
  month        = sep,
  title        = {Housing, Credit and Consumer Expenditure},
  chair        = {Ludvigson, Sydney C.},
  symposium    = {Housing and Consumer Behavior},
  howpublished = {Symposium conducted at the meeting of the {Federal}
                  {Reserve} {Bank} of {Kansas} {City}},
  address      = {Jackson Hole, WY},
}
@lecture{apa6:ch7-ex37,
  author       = {Liu, Shuhua},
  year         = {2005},
  month        = may,
  title        = {Defending Against Business Crises with the Help of
                  Intelligent Agent Based Early Warning Solutions},
  howpublished = {Paper presented at the Seventh International
                  Conference on Enterprise Information Systems},
  address      = {Miami, FL\APACredefineOnce{BRetrievedFrom}{Abstract
                  retrieved from\ }},
  url          = {http://www.iceis.org/iceis2005/abstracts_2005.htm},
}
@article{apa6:ch7-ex38,
  author    = {Herculano-Houzel, Suzana and Collins, Christine E.
               and Wong, Peiyan and Kaas, Jon H. and Lent, Roberto},
  year      = {2008},
  title     = {The Basic Nonuniformity of the Cerebral Cortex},
  journal   = {Proceedings of the National Academy of Sciences, USA},
  volume    = {105},
  pages     = {12593--12598},
  doi       = {10.1073/pnas.0805417105},
}
@incollection{apa6:ch7-ex39,
  author    = {Katz, Itai and Gabayan, Kevin and Aghajan, Hamid},
  year      = {2007},
  title     = {A Multi-touch Surface Using Multiple Cameras},
  editor    = {Blanc-Talon, Jacques and Philips, Wilfried
               and Popescu, Dan and Scheunders, Paul},
  booktitle = {{Lecture} {Notes} in {Computer} {Science}: Vol.~4678.
               {Advanced} Concepts for Intelligent Vision Systems},
  pages     = {97--108},
  doi       = {10.1007/978-3-540-74607-2_9},
}
@mastersthesis{apa6:ch7-ex40,
  author       = {McNiel, Donita S.},
  year         = {2006},
  title        = {Meaning Through Narrative: A Personal Narrative
                  Discussing Growing Up with an Alcoholic Mother},
  howpublished = {Available from ProQuest Dissertations and Theses
                  database},
  note         = {UMI No.\ 1434728},
}
@phdthesis{apa6:ch7-ex40-2,
  author  = {Wilfley, Denise E.},
  year    = {1989},
  title   = {An Analysis of Psychological Distress, Self-concept,
             and Patterns of Family Interactions in Two Subgroups
             of Bulimia--Normal Weight and Obese},
  school  = {University of Missouri},
  address = {Columbia},
}
@mastersthesis{apa6:ch7-ex40-3,
  author  = {Almeida, David M.},
  year    = {1989},
  title   = {Fathers' Participation in Family Work: Consequences
             for Fathers' Stress and Father-Child Relations},
  school  = {University of Victoria},
  address = {Victoria, British Columbia, Canada},
}
@phdthesis{apa6:ch7-ex41,
  author = {Adams, Ronald Jerry},
  year   = {1973},
  title  = {Building a Foundation for Evaluation of Instruction in
            Higher Education and Continuing Education},
  url    = {http://www.ohiolink.edu/etd/},
}
@phdthesis{apa6:ch7-ex42,
  author = {Bruckman, Amy},
  year   = {1997},
  title  = {{MOOSE} Crossing: Construction, Community, and
            Learning in a Networked Virtual World for Kids},
  school = {Massachusetts Institute of Technology},
  url    = {http://www-static.cc.gatech.edu/~asb/thesis/},
}
@phdthesis{apa6:ch7-ex43,
  author       = {Appelbaum, Lawrence G.},
  year         = {2005},
  title        = {Three Studies of Human Information Processing:
                  Texture Amplification, Motion Representation, and
                  Figure-Ground Segregation},
  journal      = {Dissertation Abstracts International: Section B.
                  Sciences and Engineering},
  volume       = {65},
  number       = {10},
  pages        = {5428},
}
@phdthesis{apa6:ch7-ex44,
  author  = {Carlbom, Pelle},
  year    = {2000},
  title   = {Carbody and Passengers in Rail Vehicle Dynamics},
  type    = {Doctoral thesis},
  school  = {Royal Institute of Technology},
  address = {Stockholm, Sweden},
  url     = {http://urn.kb.se/resolve?urn=urn:nbn:se:kth:diva-3029},
}
@book{APAManual3,
  author    = {{\bibcorporate{American Psychological Association}}},
  firstkey  = {{American Psychological Association [APA]}},
  key       = {{APA}},
  year      = {1984},
  title     = {Publication Manual of the {American} {Psychological}
               {Association}},
  edition   = {3},
  address   = {Washington, DC},
  publisher = {{\bibcorporate{American Psychological Association}}},
  note      = {with revisions},
}

@book{APAManual5,
  author    = {{\bibcorporate{American Psychological Association}}},
  firstkey  = {{American Psychological Association [APA]}},
  key       = {{APA}},
  year      = {2001},
  title     = {Publication Manual of the {American} {Psychological}
               {Association}},
  edition   = {5},
  address   = {Washington, DC},
  publisher = {{\bibcorporate{American Psychological Association}}},
}

@book{APAManual6,
  author    = {{\bibcorporate{American Psychological Association}}},
  firstkey  = {{American Psychological Association [APA]}},
  key       = {{APA}},
  year      = {2009},
  title     = {Publication Manual of the {American} {Psychological}
               {Association}},
  edition   = {6},
  address   = {Washington, DC},
  publisher = {{\bibcorporate{American Psychological Association}}},
}

@book{chicago,
  title     = {The {Chicago} Manual of Style},
  edition   = {15},
  year      = {2003},
  address   = {Chicago},
  publisher = {The University of Chicago Press},
}

@misc{Pata88,
  author    = {Patashnik, Oren},
  year      = {1988},
  title     = {{\BibTeX ing}},
  url       = {http://www.ctan.org/tex-archive/biblio/
               bibtex/distribs/doc/btxdoc.tex},
  lastchecked = {October 4, 2008},
}

@book{LaTeXbook,
  author    = {Lamport, Leslie},
  year      = {1994},
  title     = {{\APACSortNoop{LaTeX}}{\LaTeX}: A Document Preparation System.
               {User}'s Guide and Reference Manual},
  edition   = {2},
  address   = {Reading, MA},
  publisher = {Addison-Wesley},
}

@book{KoDa04,
  author    = {Kopka, Helmut and Daly, Patrick W.},
  year      = {2004},
  title     = {Guide To {\APACSortNoop{LaTeX}}{\LaTeX}},
  edition   = {4},
  address   = {Boston, MA},
  publisher = {Addison-Wesley},
}

@book{TLC2,
  author    = {Mittelbach, Frank and Goossens, Michel},
  year      = {2004},
  title     = {The {\APACSortNoop{LaTeX}}{\LaTeX} Companion},
  edition   = {2},
  address   = {Boston, MA},
  publisher = {Addison-Wesley},
}

@book{dLMe08a,
  editor     = {De Leeuw, Jan and Meijer, Erik},
  year       = {2008},
  title      = {Handbook of Multilevel Analysis},
  address    = {New York, NY},
  publisher  = {Springer},
}

@book{meijer1998,
  author    = {Meijer, Erik},
  year      = {1998},
  title     = {Structural Equation Models for Nonnormal Data},
  address   = {Leiden, Netherlands},
  publisher = {DSWO Press},
}

@article{meijer07,
  author     = {Meijer, Erik},
  year       = {2007},
  title      = {Citations, Reference List, and Author Index with
                \textsf{apacite}},
  journal    = {Eutypon},
  volume     = {16--19},
  pages      = {1--31},
  url        = {http://www.eutypon.gr/eutypon/e-cont-16-19.html},
}

@book{WaMe00,
  author    = {Wansbeek, Tom and Meijer, Erik},
  year      = {2000},
  title     = {Measurement Error and Latent Variables in Econometrics},
  address   = {Amsterdam, Netherlands},
  publisher = {North-Holland},
}

@unpublished{APA-3rd-ed-ex53,
  author       = {Gottfredson, G. D.},
  year         = {1978},
  title        = {Why Don't Vocational Interests Predict Job
                  Satisfaction Better Than They Do?},
  howpublished = {Unpublished manuscript},
  organization = {Johns Hopkins University, Center for Social
                  Organization of Schools},
  address      = {Baltimore},
}

@misc{DePsych01,
  key          = {{\APACciteatitle{Uitgebreide Richtlijnen}}},
  title        = {Uitgebreide Richtlijnen voor het Aanleveren van Kopij},
  englishtitle = {Detailed Guidelines for the Submission of Manuscripts},
  year         = {2001},
  lastchecked  = {January~3, 2005},
  url = {http://upload.lectric.nl/data/nip7/Richtlijnen%20voor%20auteurs.pdf},
}

@article{NTPG04,
  title        = {Aanwijzingen voor Auteurs},
  englishtitle = {Instructions for Authors},
  year         = {2004},
  journal      = {Nederlands Tijdschrift voor de Psychologie en haar
                  Grensgebieden},
  volume       = {59},
  pages        = {inside back cover},
}

@book{Renk02,
  author       = {Renkema, J.},
  year         = {2002},
  title        = {Schrijfwijzer},
  englishtitle = {Writing Indicator},
  edition      = {4},
  address      = {Den Haag, The Netherlands},
  publisher    = {Sdu},
}

@article{Schr04,
  author       = {Schrooten, M. G. S. and Smulders, F. T. Y.},
  year         = {2004},
  title        = {Een Experimentele Kijk op Angst: Aandacht en Automatisme
                  in de Verwerking van Bedreigende Stimuli},
  englishtitle = {Anxiety from an Experimental Point of View: Attention and
                  Automaticity in the Processing of Threatening Stimuli},
  journal      = {Nederlands Tijdschrift voor de Psychologie en haar
                  Grensgebieden},
  volume       = {59},
  pages        = {135--149},
}

@book{VanDale89,
  key          = {{\APACcitebtitle{van Dale}}},
  title        = {van {Dale} Groot Woordenboek {Engels}-{Nederlands}},
  englishtitle = {van {Dale}'s Large Dictionary {English}-{Dutch}},
  edition      = {2},
  year         = {1989},
  address      = {Utrecht, The Netherlands},
  publisher    = {Van Dale},
}

@book{KLO05,
  author       = {Haapam\"aki, Tuula and Hedman, Arne
                  and H\"am\"al\"ainen, Esa and Kurvinen, Birgitta
                  and Lager, Lassi and Lindegren, Yrj\"o
                  and Murtomaa, Eeva and Vainikka, Eila},
  year         = {2005},
  title        = {Monografioiden kuvailu},
  englishtitle = {Description for Monographic Publications},
  address      = {Helsinki, Finland},
  publisher    = {Helsingin yliopiston kirjasto},
  url          = {http://www.kansalliskirjasto.fi/kirjastoala/
                  luettelointisaannot/Files/liitetiedosto2/
                  monografioiden_kuvailu.pdf},
  lastchecked  = {January 19, 2009},
}

@book{DGPs07,
  firstkey  = {Deutsche Gesellschaft f\"ur Psychologie [DGPs]},
  key       = {DGPs},
  author    = {\bibcorporate{Deutsche Gesellschaft f\"ur Psychologie}},
  year      = {2007},
  title     = {Richtlinien zur {Manuskriptgestaltung}},
  englishtitle = {Guidelines for Manuscript Preparation},
  edition   = {3},
  address   = {G\"ottingen, Germany},
  publisher = {Hogrefe-Verlag},
}

@misc{UIB08,
  author       = {{\bibcorporate{University of Bergen}}},
  year         = {2008},
  title        = {American {Psychological} {Association} ({APA})},
  url          = {http://www.sokogskriv.no/norsk/basis/sitering-etikk/APA.pdf},
  lastchecked  = {October 12, 2008},
  address      = {Bergen, Norway},
  publisher    = {University of Bergen, University Library},
}
%% Referenced from
%% \url{http://www.sokogskriv.no/norsk/basis/sitering-etikk/4-stiler.html}
%%
%% Original version:
%% \url{http://www.ub.uib.no/felles/IK/APA.pdf}
%% but this page does not exist anymore on 2008/10/12.
%%
%% Norwegian name:
%% Universitetsbiblioteket, Universitetet I Bergen, 2008

@misc{UiO06,
  author       = {{\bibcorporate{University of Oslo}}},
  year         = {2006},
  title        = {Normer for skriftlig arbeid},
  englishtitle = {Standards for Written Works},
  url          = {http://www.uio.no/studier/emner/medisin/isv/SYKVIT4400/v07/
                  REV_normer_skriftl_arb.pdf},
  lastchecked  = {October 12, 2008},
  address      = {Oslo, Norway},
  publisher    = {University of Oslo, Institute of Nursing and Health Sciences},
}
%% Referenced from
%% \url{http://www.uio.no/studier/emner/medisin/isv/SYKVIT4400/v07/}
%%
%% Norwegian name:
%% Universitetet i Oslo, Sykepleievitenskap, 28.06.06

@misc{Erik01,
  author      = {Erikson, Martin G.},
  year        = {2001},
  title       = {Att Skriva Litteraturreferenser Enligt {Harvard}-Systemet},
  englishtitle = {Citations According to the {Harvard} System},
  url         = {http://www.his.se/upload/10631/referenser.pdf},
  lastchecked = {October 18, 2008},
  Eriksremark = {Originally downloaded December 9, 2004, from
    \url{http://www.ida.his.se/ida/kurser/exjobb/kursmaterial/referenser.pdf},
    but this site does not exist anymore.},
}

@misc{Johnsson,
  author      = {Johnsson, Mattias},
  title       = {Lathund for Referensskrivning},
  englishtitle = {Cheat Sheet for Formatting of References},
  url         = {http://www.ped.gu.se/users/berner/htmarkiv/referens.html},
  lastchecked = {October 18, 2008},
  Eriksremark = {Originally downloaded December 9, 2004},
}

@misc{GU94,
  title  = {Referensskrivning},
  englishtitle = {Formatting of References},
  year   = {1994},
  url    = {http://www.ped.gu.se/forskarutbildning/Referens_skrivning.htm},
  lastchecked = {October 18, 2008},
  Eriksremark = {Originally downloaded December 9, 2004.
                 Site is Gothenburg University Web site, but reference seems
                 specific enough. Authors may be (?)
                 Informatorn/Dahlgren/Ottosson, but I don't know first
                 names.},
}

%%
%%
%% End of file `apa5ex.bib'.
